%% https://books.google.ca/books?hl=en&lr=&id=sACug4nZDmUC&oi=fnd&pg=PR5&dq=instant+communication+technology+evolution&ots=BEuGpPJa0D&sig=X0nVBqInadnZh_hqROyAeZN2154#v=onepage&q=instant%20communication%20technology%20evolution&f=false

@article{coyle:Social_networking,
  author = {L. Coyle, Cheryl and Vaughn, Heather}, 
  title = { Social networking: Communication revolution or evolution?},
  year = 2008,
  doi = "10.1002/bltj.20298",
  pages = {13--17}, 
  journal = {Bell Labs Technical Journal},
  volume =  13,
  issue = 2
}

@book{Norman:DET,
 author = {Norman, Donald A.},
 title = {The Design of Everyday Things: Revised and Expanded Edition},
 year = 2013,
 isbn = {978-0-465-05065-9},
 publisher = {Basic Books, Inc.},
 address = {New York, NY, USA},
}

@book{Mackenzie:HCI,
 author = {MacKenzie, Scott},
 title = {Human-Computer Interaction: An Empirical Research Perspective},
 year = {2013},
 isbn = {978-0-12-405865-1},
 publisher = {Morgan Kaufmann},
 address = {Waltham, MA 02451, USA},
} 

@article{BUHALIS:tourism,
  year =         2005,
  issn =         {0250-8281},
  journal =      {Tourism Recreational Research},
  volume =       30,
  number =       3,
  url =          {http://epubs.surrey.ac.uk/id/eprint/1130},
  title =        {Information Communication Technology Revolutionizing Tourism},
  publisher =    {Tej Vir Singh},
  author =       {Buhalis, Dimitrios and O'Connor, Peter},
  pages =        {7--16},
}

@inproceedings{Voida:interview,
 author = {Voida, Amy and Mynatt, Elizabeth D. and Erickson, Thomas and Kellogg, Wendy A.},
 title = {Interviewing over Instant Messaging},
 booktitle = {CHI '04 Extended Abstracts on Human Factors in Computing Systems},
 series = {CHI EA '04},
 year = 2004,
 isbn = {1-58113-703-6},
 location = {Vienna, Austria},
 pages = {1344--1347},
 url = {http://doi.acm.org/10.1145/985921.986060},
 doi = {10.1145/985921.986060},
 acmid = 986060,
 publisher = {ACM},
 address = {New York, NY, USA},
 keywords = {computer-mediated communication, genre evolution, instant messaging, interviewing, qualitative research methods},
} 

@inproceedings{Smale:broadcast,
 author = {Smale, Stephanie and Greenberg, Saul},
 title = {Broadcasting Information via Display Names in Instant Messaging},
 booktitle = {Proceedings of the 2005 International ACM SIGGROUP Conference on Supporting Group Work},
 series = {GROUP '05},
 year = {2005},
 isbn = {1-59593-223-2},
 location = {Sanibel Island, Florida, USA},
 pages = {89--98},
 url = {http://doi.acm.org/10.1145/1099203.1099218},
 doi = {10.1145/1099203.1099218},
 acmid = {1099218},
 publisher = {ACM},
 address = {New York, NY, USA},
 keywords = {awareness, communication, display name, instant messenger},
} 

@inproceedings{Jiang:task_chat,
 author = {Jiang, Hao and Singley, Kevin},
 title = {Exploring Bilingual, Task-oriented, Document-centric Chat},
 booktitle = {Proceedings of the ACM 2009 International Conference on Supporting Group Work},
 series = {GROUP '09},
 year = {2009},
 isbn = {978-1-60558-500-0},
 location = {Sanibel Island, Florida, USA},
 pages = {229--232},
 url = {http://doi.acm.org/10.1145/1531674.1531708},
 doi = {10.1145/1531674.1531708},
 acmid = {1531708},
 publisher = {ACM},
 address = {New York, NY, USA},
 keywords = {instant messaging, workplace collaboration},
} 

@inproceedings{Birnholtz:OpenMessenger,
 author = {Birnholtz, Jeremy P. and Gutwin, Carl and Ramos, Gonzalo and Watson, Mark},
 title = {OpenMessenger: Gradual Initiation of Interaction for Distributed Workgroups},
 booktitle = {Proceedings of the SIGCHI Conference on Human Factors in Computing Systems},
 series = {CHI '08},
 year = {2008},
 isbn = {978-1-60558-011-1},
 location = {Florence, Italy},
 pages = {1661--1664},
 url = {http://doi.acm.org/10.1145/1357054.1357313},
 doi = {10.1145/1357054.1357313},
 acmid = {1357313},
 publisher = {ACM},
 address = {New York, NY, USA},
 keywords = {awareness, instant messaging, privacy},
} 

@inproceedings{Motoyama:CrossTalk,
 author = {Motoyama, Marti A. and Varghese, George},
 title = {CrossTalk: Scalably Interconnecting Instant Messaging Networks},
 booktitle = {Proceedings of the 2Nd ACM Workshop on Online Social Networks},
 series = {WOSN '09},
 year = {2009},
 isbn = {978-1-60558-445-4},
 location = {Barcelona, Spain},
 pages = {61--68},
 url = {http://doi.acm.org/10.1145/1592665.1592680},
 doi = {10.1145/1592665.1592680},
 acmid = {1592680},
 publisher = {ACM},
 address = {New York, NY, USA},
 keywords = {DHT, XMPP, instant messaging, interconnection},
} 

@Misc{Lella:mobile_app,
  author =       {Lella, Adam and Lipsman, Andrew},
  howpublished = {Online},
  title =        {The U.S. Mobile App Report},
  month =        {August},
  day =          21,
  year =         2014,
  url  =         {http://www.comscore.com/Insights/Presentations-and-Whitepapers/2014/The-US-Mobile-App-Report},
  annote =       {Graphical report}
}

@Comment http://www.comscore.com/Insights/Presentations-and-Whitepapers/2014/The-US-Mobile-App-Report

